<record><leader>00000cas a22000007a 4500</leader><controlfield tag="001">19349532</controlfield><controlfield tag="008">890313d19681969mouwr ne      0    0eng d</controlfield><datafield ind1=" " ind2=" " tag="010"><subfield code="a">sn 89066290 </subfield></datafield><datafield ind1=" " ind2=" " tag="040"><subfield code="a">MQN</subfield><subfield code="b">eng</subfield><subfield code="c">MQN</subfield><subfield code="d">OCLCQ</subfield></datafield><datafield ind1=" " ind2=" " tag="042"><subfield code="a">msc</subfield></datafield><datafield ind1="0" ind2="0" tag="245"><subfield code="a">North county dispatch.</subfield></datafield><datafield ind1=" " ind2=" " tag="260"><subfield code="a">Bonne Terre, Mo. :</subfield><subfield code="b">Roop Print. Co.,</subfield><subfield code="c">-1969.</subfield></datafield><datafield ind1=" " ind2=" " tag="300"><subfield code="a">v.</subfield></datafield><datafield ind1=" " ind2=" " tag="310"><subfield code="a">Weekly</subfield></datafield><datafield ind1="1" ind2=" " tag="362"><subfield code="a">Began in 1968.</subfield></datafield><datafield ind1="0" ind2=" " tag="362"><subfield code="a">-v. 2, no. 20 (Sept. 10, 1969).</subfield></datafield><datafield ind1=" " ind2=" " tag="588"><subfield code="a">Description based on: Vol. 1, no. 25 (Oct. 16, 1968).</subfield></datafield><datafield ind1=" " ind2=" " tag="752"><subfield code="a">United States</subfield><subfield code="b">Missouri</subfield><subfield code="c">Saint Francois</subfield><subfield code="d">Bonne Terre.</subfield></datafield><datafield ind1="0" ind2="7" tag="785"><subfield code="t">De Soto press (De Soto, Mo. : 1891)</subfield><subfield code="w">(DLC)sn 89066421</subfield></datafield><datafield ind1="0" ind2="7" tag="785"><subfield code="t">Press-dispatch (De Soto, Mo.)</subfield><subfield code="w">(DLC)sn 89066422</subfield></datafield></record>